<?xml version="1.0" encoding="UTF-8"?><collection xmlns="http://www.loc.gov/MARC21/slim"><record><leader>00514nam--2200169-i-4500</leader><controlfield tag="001">000031598</controlfield><controlfield tag="002">20161230</controlfield><controlfield tag="005">20161230201038</controlfield><controlfield tag="008">060222s1000------------r-----000-0-eng-d</controlfield><datafield ind1=" " ind2=" " tag="040"><subfield code="a">IFIN-HH</subfield></datafield><datafield ind1=" " ind2=" " tag="080"><subfield code="a">539.17</subfield></datafield><datafield ind1="1" ind2=" " tag="100"><subfield code="a">Popic, R.V</subfield></datafield><datafield ind1="1" ind2="0" tag="245"><subfield code="a">Lectures given at iv summer meeting of nuclear physicists, september 1959 hercegnovi, yugoslavia</subfield><subfield code="c">R.v. popic (ed.)</subfield></datafield><datafield ind1=" " ind2=" " tag="260"><subfield code="a">Belgrade</subfield><subfield code="b">Federal Nuclear Energy Commission</subfield><subfield code="c">1959</subfield></datafield><datafield ind1=" " ind2=" " tag="300"><subfield code="a">IV + 304P</subfield></datafield><datafield ind1=" " ind2=" " tag="852"><subfield code="a">15521</subfield><subfield code="c">539.17</subfield></datafield><datafield ind1=" " ind2=" " tag="CAT"><subfield code="a">Sys</subfield><subfield code="c">20120529</subfield><subfield code="h">113356</subfield></datafield></record></collection>